% Encoding: UTF-8

@book{Knuth1998,
 author = {Knuth, Donald E.},
 title = {The art of computer programming,  volume 3: (2nd ed.) sorting and searching},
 year = {1998},
 publisher = {Addison Wesley Longman Publishing Co., Inc.},
 address = {Redwood City, CA, USA}
}

@book{Pollefliet2011,
  author = {Pollefliet, Leen},
  title = {Schrijven van verslag tot eindwerk: do's en don'ts},
  year = {2011},
  publisher = {Academia Press},
  address = {Gent}
}

@article{Creeger2009,
  author = {Creeger, Mache},
  journal = {Communications of the ACM},
  number = {8},
  pages = {50--56},
  title = {{CTO Roundtable: Cloud Computing}},
  volume = {52},
  year = {2009}
}

@Article{Sataloff2021,
  author       = {Sataloff, Robert T. and Bush, Matthew L. and Chandra, Rakesh and Chepeha, Douglas and Rotenberg, Brian and Fisher, Edward W. and Goldenberg, David and Hanna, Ehab Y. and Kerschner, Joseph E. and Kraus, Dennis H. and Krouse, John H. and Li, Daqing and Link, Michael and Lustig, Lawrence R. and Selesnick, Samuel H. and Sindwani, Raj and Smith, Richard J. and Tysome, James R. and Weber, Peter C. and Welling, D. Bradley},
  date         = {2021-07},
  journaltitle = {World Journal of Otorhinolaryngology - Head and Neck Surgery},
  title        = {Systematic and other reviews: Criteria and complexities},
  doi          = {10.1016/j.wjorl.2021.04.007},
  issn         = {2589-1081},
  number       = {3},
  pages        = {236--239},
  volume       = {7},
  publisher    = {Wiley},
}

@Online{Haspeslagh2024,
  author       = {Haspeslagh, J and Vanden Berghe, E},
  date         = {2002-01-01},
  title        = {IMIS: Integrated Marine Information System},
  url          = {https://www.researchgate.net/publication/33549102_IMIS_Integrated_Marine_Information_System},
  organization = {Vlaams Instituut voor de Zee},
}

@Article{Noruzi2005,
  author       = {Noruzi, Alireza},
  date         = {2005-01},
  journaltitle = {Libri},
  title        = {Google Scholar: The New Generation of Citation Indexes},
  doi          = {10.1515/libr.2005.170},
  issn         = {0024-2667},
  number       = {4},
  volume       = {55},
  publisher    = {Walter de Gruyter GmbH},
}

@Article{Aguillo2011,
  author       = {Aguillo, Isidro F.},
  date         = {2011-12},
  journaltitle = {Scientometrics},
  title        = {Is Google Scholar useful for bibliometrics? A webometric analysis},
  doi          = {10.1007/s11192-011-0582-8},
  issn         = {1588-2861},
  number       = {2},
  pages        = {343--351},
  volume       = {91},
  publisher    = {Springer Science and Business Media LLC},
}

@Article{Chandrakar2006,
  author       = {Chandrakar, Rajesh},
  date         = {2006-07},
  journaltitle = {The Electronic Library},
  title        = {Digital object identifier system: an overview},
  doi          = {10.1108/02640470610689151},
  issn         = {0264-0473},
  number       = {4},
  pages        = {445--452},
  volume       = {24},
  publisher    = {Emerald},
}

@InProceedings{Beel2009,
  author    = {J. Beel and B. Gipp},
  booktitle = {12th Int. Conf. Scientometrics Informetrics (ISSI)},
  date      = {2009},
  title     = {Google Scholarâ€˜s Ranking Algorithm: An Introductory Overview},
  pages     = {439-446},
}

@WWW{JohnSBailey2025,
  date  = {2025-05-01},
  title = {Google Scholar Guide},
  url   = {https://library.acg.edu/how-to-guides/google-scholar/overview},
}

@WWW{pythonreleasecycle2025,
  date  = {2025-05-01},
  title = {Status of Python versions},
  url   = {https://devguide.python.org/versions/},
}

@WWW{endoflifedatepython2025,
  date  = {2025-05-01},
  title = {End of life date Python},
  url   = {https://endoflife.date/python},
}

@WWW{Imap2025,
  date  = {2025-05-01},
  title = {Internet Message Access Protocol, Uit Wikipedia, de vrije encyclopedie},
  url   = {https://en.wikipedia.org/wiki/Internet_Message_Access_Protocol},
}

@WWW{Imaplib2025,
  date  = {2025-05-01},
  title = {imaplib - IMAP4 protocol client},
  url   = {https://docs.python.org/3/library/imaplib.html},
}

@WWW{Email2025,
  date  = {2025-05-01},
  title = {email - An email and MIME handling package},
  url   = {https://docs.python.org/3.13/library/email.html},
}

@WWW{Documentstore2025,
  date  = {2025-05-01},
  title = {Document-oriented database},
  url   = {https://en.wikipedia.org/wiki/Document-oriented_database},
}

@WWW{Mongodb2025,
  date  = {2025-05-01},
  title = {MongoDB},
  url   = {https://www.mongodb.com/resources/basics/databases/document-databases},
}

@WWW{Pymongo2025,
  date  = {2025-05-01},
  title = {PyMongo},
  url   = {https://pymongo.readthedocs.io/en/stable/},
}

@WWW{Click2025,
  date  = {2025-05-01},
  title = {Click_},
  url   = {https://click.palletsprojects.com/en/stable/},
}

@WWW{Dependencyinjector2025,
  date  = {2025-05-01},
  title = {Dependency Injector},
  url   = {https://python-dependency-injector.ets-labs.org/index.html},
}

@WWW{Di2025,
  date  = {2025-05-01},
  title = {Dependency injection},
  url   = {https://en.wikipedia.org/wiki/Dependency_injection},
}

@InProceedings{Kim2019,
  author    = {Jaewon Kim and Johanne R. Trippas and Mark Sanderson and Zhifeng Bao and W. Bruce Croft},
  booktitle = {BIR@ECIR},
  date      = {2019},
  title     = {How do Computer Scientists Use Google Scholar?: A Survey of User Interest in Elements on SERPs and Author Profile Pages},
  url       = {https://api.semanticsscholar.org/CorpusID:123792508},
}

@InBook{Zhang2013,
  author    = {Zhang, Tao},
  booktitle = {Design, User Experience, and Usability. Web, Mobile, and Product Design},
  date      = {2013},
  title     = {User-Centered Evaluation of a Discovery Layer System with Google Scholar},
  doi       = {10.1007/978-3-642-39253-5_34},
  isbn      = {9783642392535},
  pages     = {313--322},
  publisher = {Springer Berlin Heidelberg},
  issn      = {1611-3349},
}

@Article{Wu2014,
  author       = {Wu, Ming-der and Chen, Shih-chuan},
  date         = {2014-05},
  journaltitle = {The Electronic Library},
  title        = {Graduate students appreciate Google Scholar, but still find use for libraries},
  doi          = {10.1108/el-08-2012-0102},
  issn         = {0264-0473},
  number       = {3},
  pages        = {375--389},
  volume       = {32},
  publisher    = {Emerald},
}

@WWW{Soup2025,
  date  = {2025-05-01},
  title = {Beautiful Soup},
  url   = {https://www.crummy.com/software/BeautifulSoup/},
}

@WWW{Requests2025,
  date  = {2025-05-01},
  title = {Requests is a simple, yet elegant, HTTP library.},
  url   = {https://pypi.org/project/requests/},
}

@WWW{Pymupdf2025,
  date  = {2025-05-01},
  title = {PyMuPDF is a high-performance Python library for data extraction, analysis, conversion & manipulation of PDF (and other) documents.},
  url   = {https://pymupdf.readthedocs.io/en/latest/how-to-open-a-file.html#opening-remote-files},
}

@WWW{Selenium2025,
  date  = {2025-05-01},
  title = {Selenium with Python},
  url   = {https://selenium-python.readthedocs.io/},
}

@WWW{CrossrefRegex2025,
  date  = {2025-05-01},
  title = {DOIs and matching regular expressions},
  url   = {https://www.crossref.org/blog/dois-and-matching-regular-expressions/},
}

@InProceedings{Pratiba2018,
  author    = {PRATIBA, D. and M.S., ABHAY and DUA, AKHIL and SHANBHAG, Giridhar K. and BHANDARI, NEEL and SINGH, UTKARSH},
  booktitle = {2018 3rd International Conference on Computational Systems and Information Technology for Sustainable Solutions (CSITSS)},
  date      = {2018-12},
  title     = {Web Scraping And Data Acquisition Using Google Scholar},
  doi       = {10.1109/csitss.2018.8768777},
  pages     = {277--281},
  publisher = {IEEE},
}

@Book{Mitchell2015,
  author    = {Mitchell, Ryan},
  title     = {Web Scraping with Python: Collecting Data from the Modern Web},
  edition   = {1st},
  isbn      = {1491910291},
  publisher = {O'Reilly Media, Inc.},
  year      = {2015},
}

@Article{Sulistya2024,
  author       = {Sulistya, Yudha Islami and Wardhana, Ariq Cahya and Istighosah, Maie and Riyandi, Arif},
  date         = {2024-10},
  journaltitle = {Jurnal Teknologi Dan Sistem Informasi Bisnis},
  title        = {Automated Google Scholar Crawling with a Web-Based Tool for Publication Data Management},
  doi          = {10.47233/jteksis.v6i4.1604},
  issn         = {2964-2132},
  number       = {4},
  pages        = {768--773},
  volume       = {6},
  publisher    = {Universitas Dharma Andalas},
}

@Article{Rafsanjani2022,
  author    = {Rafsanjani, Mohd Rifqi},
  date      = {2022-03},
  title     = {ScrapPaper: A web scrapping method to extract journal information from PubMed and Google Scholar search result using Python},
  doi       = {10.1101/2022.03.08.483427},
  publisher = {Cold Spring Harbor Laboratory},
}

@InBook{Amin2024,
  author    = {Amin, M. Miftakul and Sutrisman, Adi and Dwitayanti, Yevi},
  booktitle = {Proceedings of the 7th FIRST 2023 International Conference on Global Innovations (FIRST-ESCSI 2023)},
  date      = {2024},
  title     = {Google Scholar Crawling for Constructing Research Database},
  doi       = {10.2991/978-94-6463-386-3_36},
  isbn      = {9789464633863},
  pages     = {331--337},
  publisher = {Atlantis Press International BV},
  issn      = {2352-5401},
}

@InProceedings{Yang2017,
  author    = {Yang, Dazhi and Zhang, Allan N. and Yan, Wenjing},
  booktitle = {2017 IEEE International Conference on Big Data (Big Data)},
  date      = {2017-12},
  title     = {Performing literature review using text mining, Part I: Retrieving technology infrastructure using Google Scholar and APIs},
  doi       = {10.1109/bigdata.2017.8258313},
  pages     = {3290--3296},
  publisher = {IEEE},
}

@InProceedings{Bhatt2023,
  author    = {Bhatt, Chandradeep and Bisht, Ayush and Chauhan, Rahul and Vishvakarma, Ashish and Kumar, Mukesh and Sharma, Sanjay},
  booktitle = {2023 3rd International Conference on Innovative Sustainable Computational Technologies (CISCT)},
  date      = {2023-09},
  title     = {Web Scraping Techniques and Its Applications: A Review},
  doi       = {10.1109/cisct57197.2023.10351298},
  pages     = {1--8},
  publisher = {IEEE},
}

@Article{NurDalila2023,
  author       = {Kï¼ŽAï¼Ž, Nur Dalila and Jusoh, Mohamad Huzaimy and Mashohor, Syamsiah and Sali, Aduwati and Yoshikawa, Akimasa and Kasuan, Nurhani and Hashim, Mohd Helmy and Hairuddin, Muhammad Asraf},
  date         = {2023-12},
  journaltitle = {Data in Brief},
  title        = {Bibliographic dataset of literature for analysing global trends and progress of the machine learning paradigm in space weather research},
  doi          = {10.1016/j.dib.2023.109667},
  issn         = {2352-3409},
  pages        = {109667},
  volume       = {51},
  publisher    = {Elsevier BV},
}

@Article{Toth2024,
  author       = {TÃ³th, Barbara and Berek, LÃ¡szlÃ³ and GulÃ¡csi, LÃ¡szlÃ³ and PÃ©ntek, MÃ¡rta and Zrubka, Zsombor},
  date         = {2024-07},
  journaltitle = {Systematic Reviews},
  title        = {Automation of systematic reviews of biomedical literature: a scoping review of studies indexed in PubMed},
  doi          = {10.1186/s13643-024-02592-3},
  issn         = {2046-4053},
  number       = {1},
  volume       = {13},
  publisher    = {Springer Science and Business Media LLC},
}

@InBook{Lotfi2021,
  author    = {Lotfi, Chaimaa and Srinivasan, Swetha and Ertz, Myriam and Latrous, Imen},
  booktitle = {SCRS CONFERENCE PROCEEDINGS ON INTELLIGENT SYSTEMS},
  date      = {2021},
  title     = {Web Scraping Techniques and Applications: A Literature Review},
  doi       = {10.52458/978-93-91842-08-6-38},
  isbn      = {9789391842086},
  pages     = {381--394},
  publisher = {Soft Computing Research Society},
}

@InProceedings{Singrodia2019,
  author    = {Singrodia, Vidhi and Mitra, Anirban and Paul, Subrata},
  booktitle = {2019 International Conference on Computer Communication and Informatics (ICCCI)},
  date      = {2019-01},
  title     = {A Review on Web Scrapping and its Applications},
  doi       = {10.1109/iccci.2019.8821809},
  publisher = {IEEE},
}

@Report{EPSI2015,
  author      = {Osmar Castrillo-FernÃ¡ndez},
  date        = {2015-12-01},
  institution = {ePSIplatform Topic Report No. 2015 / 10 , December 2015},
  title       = {Web Scraping: Applications and Tools},
  type        = {techreport},
}

@InBook{Kumar2023,
  author    = {Kumar, Sumit and Roy, Uponika Barman},
  booktitle = {Statistical Modeling in Machine Learning},
  date      = {2023},
  title     = {A technique of data collection},
  doi       = {10.1016/b978-0-323-91776-6.00011-7},
  isbn      = {9780323917766},
  pages     = {23--36},
  publisher = {Elsevier},
}

@Article{Lourenco2015,
  author       = {LourenÃ§o, JoÃ£o Ricardo and Cabral, Bruno and Carreiro, Paulo and Vieira, Marco and Bernardino, Jorge},
  date         = {2015-08},
  journaltitle = {Journal of Big Data},
  title        = {Choosing the right NoSQL database for the job: a quality attribute evaluation},
  doi          = {10.1186/s40537-015-0025-0},
  issn         = {2196-1115},
  number       = {1},
  volume       = {2},
  publisher    = {Springer Science and Business Media LLC},
}

@Article{Rahmatulloh2020,
  author       = {Rahmatulloh, Alam and Gunawan, Rohmat},
  date         = {2020-02},
  journaltitle = {Indonesian Journal of Information Systems},
  title        = {Web Scraping with HTML DOM Method for Data Collection of Scientific Articles from Google Scholar},
  doi          = {10.24002/ijis.v2i2.3029},
  issn         = {2623-0119},
  number       = {2},
  pages        = {95--104},
  volume       = {2},
  publisher    = {Universitas Atma Jaya Yogyakarta},
}

@Article{Hendricks2020,
  author       = {Hendricks, Ginny and Tkaczyk, Dominika and Lin, Jennifer and Feeney, Patricia},
  date         = {2020-02},
  journaltitle = {Quantitative Science Studies},
  title        = {Crossref: The sustainable source of community-owned scholarly metadata},
  doi          = {10.1162/qss_a_00022},
  issn         = {2641-3337},
  number       = {1},
  pages        = {414--427},
  volume       = {1},
  publisher    = {MIT Press - Journals},
}

@WWW{Crossrefcommons2025,
  date  = {2025-05-01},
  title = {Crossref Commons for Python},
  url   = {https://gitlab.com/crossref/crossref_commons_py},
}

@WWW{Habanero2025,
  date  = {2025-05-01},
  title = {Habanero},
  url   = {https://github.com/sckott/habanero},
}

@WWW{Crossrefapi2025,
  date  = {2025-05-01},
  title = {Crossref API},
  url   = {https://github.com/fabiobatalha/crossrefapi},
}

@WWW{AnthropicOverloaded2025,
  date  = {2025-05-01},
  title = {Anthropic: using the API: Errors},
  url   = {https://docs.anthropic.com/en/api/errors},
}

@WWW{Serpapiai2025,
  date  = {2025-05-01},
  title = {Web scraping experiment with AI (Parsing HTML with GPT-4 and GPT-4o)},
  url   = {https://serpapi.com/blog/web-scraping-and-parsing-experiment-with-ai-openai/},
}

@WWW{Depaepeopenai2025,
  date  = {2025-05-01},
  title = {Web scraping Google Scholar SERP using OpenAI},
  url   = {https://github.com/bart-de-paepe/google-scholar-openai/blob/main/app/src/services/parse_service.py},
}

@WWW{Anthropic2025,
  date  = {2025-05-01},
  title = {Extracting Structured Data from Websites with Mirascope, Anthropic, and Streamlit},
  url   = {https://ploomber.io/blog/mirascope-url-extractor/},
}

@WWW{Mirascope2025,
  date  = {2025-05-01},
  title = {LLM abstractions that aren't obstructions},
  url   = {https://mirascope.com/},
}

@WWW{Anthropicmodel2025,
  date  = {2025-05-01},
  title = {Using the API Getting started},
  url   = {https://docs.anthropic.com/en/api/getting-started},
}

@WWW{Depaepeanthropic2025,
  date  = {2025-05-01},
  title = {Web scraping Google Scholar SERP using Anthropic},
  url   = {https://github.com/bart-de-paepe/google-scholar-anthropic/blob/main/app/src/services/parse_service.py},
}

@WWW{Ollama2025,
  date  = {2025-05-01},
  title = {Ollama: Get up and running with large language models.},
  url   = {https://github.com/ollama/ollama},
}

@WWW{Scrapegraphaillama2025,
  date  = {2025-05-01},
  title = {Scrapegraph AI Tutorial; Scrape websites easily with LLaMA AI},
  url   = {https://www.scrapingbee.com/blog/scrapegraph-ai-tutorial-scrape-websites-easily-with-llama-ai/},
}

@WWW{ScrapeGraphAI2025,
  date  = {2025-05-01},
  title = {ScrapeGraphAI: You Only Scrape Once},
  url   = {https://github.com/ScrapeGraphAI/Scrapegraph-ai},
}

@WWW{Llama32025,
  date  = {2025-05-01},
  title = {Introducing Meta Llama 3: The most capable openly available LLM to date},
  url   = {https://ai.meta.com/blog/meta-llama-3/},
}

@WWW{Depaepeollama2025,
  date  = {2025-05-01},
  title = {Web scraping Google Scholar SERP using Llama3},
  url   = {https://github.com/bart-de-paepe/google-scholar-ollama/blob/main/app/src/services/parse_service.py},
}

@WWW{Gemma32025,
  date  = {2025-05-01},
  title = {Gemma3: Powerful AI Within Everyone's Reach},
  url   = {https://gemma3.org/},
}

@WWW{Serpapi2025,
  date  = {2025-05-01},
  title = {Scrape Google and other search engines from our fast, easy, and complete API.},
  url   = {https://serpapi.com/google-scholar-api},
}

@WWW{DepaepeBeautifulsoup2025,
  date  = {2025-05-01},
  title = {Web scraping Google Scholar SERP using Beautiful Soup},
  url   = {https://github.com/bart-de-paepe/google-scholar-beautifulsoup/blob/main/app/src/services/parse_service.py},
}

@WWW{Openaideveloperplatform2025,
  date  = {2025-05-01},
  title = {OpenAI developer platform},
  url   = {https://platform.openai.com/docs/overview},
}

@WWW{Crossrefhowtoapi2025,
  date  = {2025-05-01},
  title = {Tips for using the Crossref REST API},
  url   = {https://www.crossref.org/documentation/retrieve-metadata/rest-api/tips-for-using-the-crossref-rest-api/},
}

@WWW{Chroma2025,
  date  = {2025-05-01},
  title = {Chroma},
  url   = {https://docs.trychroma.com/docs/overview/getting-started},
}

@WWW{Usechroma2025,
  date  = {2025-05-01},
  title = {How to Use Chroma to Build Your First Similarity Search},
  url   = {https://iamajithkumar.medium.com/how-to-use-chroma-to-build-your-first-similarity-search-5c054bfd5add},
}

@WWW{Depaepechroma2025,
  date  = {2025-05-01},
  title = {Semantic search using Chroma},
  url   = {https://github.com/bart-de-paepe/google-scholar-semantic-chroma},
}

@WWW{Mongodbvectorsearch2025,
  date  = {2025-05-01},
  title = {Vector Search},
  url   = {https://www.mongodb.com/products/platform/atlas-vector-search},
}

@WWW{Usemongodbvectorsearch2025,
  date  = {2025-05-01},
  title = {Atlas Vector Search Quick Start},
  url   = {https://www.mongodb.com/docs/atlas/atlas-vector-search/tutorials/vector-search-quick-start/},
}

@WWW{Depaepemongodb2025,
  date  = {2025-05-01},
  title = {Semantic search using MongoDB},
  url   = {https://github.com/bart-de-paepe/google-scholar-semantic-mongodb},
}

@WWW{Depaepenlp2025,
  date  = {2025-05-01},
  title = {Natural Language Processing of Google Scholar search results},
  url   = {https://github.com/bart-de-paepe/google-scholar-natural-language-processing/blob/main/app/src/services/natural_language_processing_service.py},
}

@Misc{Ahluwalia2024,
  author    = {Ahluwalia, Aman and Wani, Suhrud},
  date      = {2024},
  title     = {Leveraging Large Language Models for Web Scraping},
  doi       = {10.48550/ARXIV.2406.08246},
  copyright = {Creative Commons Attribution 4.0 International},
  keywords  = {Computation and Language (cs.CL), Artificial Intelligence (cs.AI), Machine Learning (cs.LG), FOS: Computer and information sciences, FOS: Computer and information sciences},
  publisher = {arXiv},
}

@InProceedings{Ayuso2024,
  author    = {Ayuso, Enrique and Dumfeh Brogya, Maame Serwah and Kumar Ahlawat, Vinay and Sain, Mangal},
  booktitle = {2024 International Conference on Communication, Control, and Intelligent Systems (CCIS)},
  date      = {2024-12},
  title     = {From Manual to Machine: How AI is Redefining Web Scraping for Superior Efficiency: A Literature Review},
  doi       = {10.1109/ccis63231.2024.10931912},
  pages     = {1--9},
  publisher = {IEEE},
}

@InBook{Fanni2023,
  author    = {Fanni, Salvatore Claudio and Febi, Maria and Aghakhanyan, Gayane and Neri, Emanuele},
  booktitle = {Introduction to Artificial Intelligence},
  date      = {2023},
  title     = {Natural Language Processing},
  doi       = {10.1007/978-3-031-25928-9_5},
  isbn      = {9783031259289},
  pages     = {87--99},
  publisher = {Springer International Publishing},
  issn      = {2662-155X},
}

@Article{Khurana2022,
  author       = {Khurana, Diksha and Koli, Aditya and Khatter, Kiran and Singh, Sukhdev},
  date         = {2022-07},
  journaltitle = {Multimedia Tools and Applications},
  title        = {Natural language processing: state of the art, current trends and challenges},
  doi          = {10.1007/s11042-022-13428-4},
  issn         = {1573-7721},
  number       = {3},
  pages        = {3713--3744},
  volume       = {82},
  publisher    = {Springer Science and Business Media LLC},
}

@Article{Havrlant2017,
  author       = {Havrlant, LukÃ¡Å¡ and Kreinovich, Vladik},
  date         = {2017-01},
  journaltitle = {International Journal of General Systems},
  title        = {A simple probabilistic explanation of term frequency-inverse document frequency (tf-idf) heuristic (and variations motivated by this explanation)},
  doi          = {10.1080/03081079.2017.1291635},
  issn         = {1563-5104},
  number       = {1},
  pages        = {27--36},
  volume       = {46},
  publisher    = {Informa UK Limited},
}

@Misc{Almeida2019,
  author    = {Almeida, Felipe and XexÃ©o, Geraldo},
  date      = {2019},
  title     = {Word Embeddings: A Survey},
  doi       = {10.48550/ARXIV.1901.09069},
  copyright = {arXiv.org perpetual, non-exclusive license},
  keywords  = {Computation and Language (cs.CL), Machine Learning (cs.LG), Machine Learning (stat.ML), FOS: Computer and information sciences, FOS: Computer and information sciences, A.1; I.2.7},
  publisher = {arXiv},
}

@Article{Bast2016,
  author       = {Bast, Hannah and Buchhold, BjÃ¶rn and Haussmann, Elmar},
  date         = {2016},
  journaltitle = {Foundations and TrendsÂ® in Information Retrieval},
  title        = {Semantic Search on Text and Knowledge Bases},
  doi          = {10.1561/1500000032},
  issn         = {1554-0677},
  number       = {2â€“3},
  pages        = {119--271},
  volume       = {10},
  publisher    = {Now Publishers},
}

@InBook{Meier2019,
  author    = {Meier, Andreas and Kaufmann, Michael},
  booktitle = {SQL &amp; NoSQL Databases},
  date      = {2019},
  title     = {NoSQL Databases},
  doi       = {10.1007/978-3-658-24549-8_7},
  isbn      = {9783658245498},
  pages     = {201--218},
  publisher = {Springer Fachmedien Wiesbaden},
}

@WWW{Word2vec2025,
  date  = {2025-05-01},
  title = {Word2vec},
  url   = {https://code.google.com/archive/p/word2vec/},
}

@WWW{Glove2025,
  date  = {2025-05-01},
  title = {GloVe},
  url   = {https://nlp.stanford.edu/projects/glove/},
}

@WWW{Pydantic2025,
  date  = {2025-05-01},
  title = {Introducing PydanticAI},
  url   = {https://pydantic.dev/},
}

@InProceedings{Lee2017,
  author    = {Lee, Kenton and He, Luheng and Lewis, Mike and Zettlemoyer, Luke},
  booktitle = {Proceedings of the 2017 Conference on Empirical Methods in Natural Language Processing},
  date      = {2017},
  title     = {End-to-end Neural Coreference Resolution},
  doi       = {10.18653/v1/d17-1018},
  publisher = {Association for Computational Linguistics},
}

@WWW{Explosion2025,
  date  = {2025-05-01},
  title = {End-to-end Neural Coreference Resolution in spaCy},
  url   = {https://explosion.ai/blog/coref},
}

@WWW{Spacy2025,
  date  = {2025-05-01},
  title = {Industrial-Strength Natural LanguageProcessing},
  url   = {https://spacy.io/},
}

@Comment{jabref-meta: databaseType:biblatex;}
